@InProceedings{Agirre08,
  author    = {Agirre, Eneko  and  Baldwin, Timothy  and  Martinez, David},
  title     = {Improving Parsing and {PP} Attachment Performance with Sense Information},
  booktitle = {Proceedings of ACL-08: HLT},
  year      = {2008},
  pages     = {317--325},
}

@Article{altmannSteedman88,
  author =	{Gerry Altmann and Mark Steedman},
  title =	{Interaction with Context During Human Sentence
		 Processing},
  journal =	{Cognition},
  year = 	{1988},
  volume =	{30},
  pages =	{191--238}
}

@inproceedings{AnguianoC11,
  author    = {Enrique Henestroza Anguiano and
               Marie Candito},
  title     = {Parse Correction with Specialized Models for Difficult Attachment
               Types},
  booktitle = {Proceedings of the 2011 Conference on Empirical Methods in Natural
               Language Processing, {EMNLP}},
  pages     = {1222--1233},
  year      = {2011},
}

@article{atkeson1995memory,
  title={Memory-based neural networks for robot learning},
  author={Atkeson, Christopher G and Schaal, Stefan},
  journal={Neurocomputing},
  volume={9},
  number={3},
  pages={243--269},
  year={1995},
  publisher={Elsevier}
}

@article{AttererS07,
  author    = {Michaela Atterer and
               Hinrich Sch{\"{u}}tze},
  title     = {Prepositional Phrase Attachment without Oracles},
  journal   = {Computational Linguistics},
  volume    = {33},
  number    = {4},
  pages     = {469--476},
  year      = {2007}
}

@inproceedings{Auer07,
  author    = {S{\"{o}}ren Auer and
               Christian Bizer and
               Georgi Kobilarov and
               Jens Lehmann and
               Richard Cyganiak and
               Zachary G. Ives},
  title     = {DBpedia: {A} Nucleus for a Web of Open Data},
  booktitle = {The Semantic Web, 6th International Semantic Web Conference, 2nd Asian
               Semantic Web Conference, {ISWC} 2007 + {ASWC} 2007, Busan, Korea,
               November 11-15, 2007.},
  pages     = {722--735},
  year      = {2007}
}


@inproceedings{Bollacker2008,
 author = {Bollacker, Kurt and Evans, Colin and Paritosh, Praveen and Sturge, Tim and Taylor, Jamie},
 title = {Freebase: A Collaboratively Created Graph Database for Structuring Human Knowledge},
 booktitle = {Proceedings of the 2008 ACM SIGMOD International Conference on Management of Data},
 series = {SIGMOD '08},
 year = {2008},
 location = {Vancouver, Canada},
 pages = {1247--1250}
} 




@inproceedings{BrillR94,
  author    = {Eric Brill and
               Philip Resnik},
  title     = {A Rule-Based Approach to Prepositional Phrase Attachment Disambiguation},
  booktitle = {15th International Conference on Computational Linguistics, {COLING}},
  pages     = {1198--1204},
  year      = {1994}
}

@inproceedings{Carlson2010,
 author = {Carlson, Andrew and Betteridge, Justin and Wang, Richard C. and Hruschka,Jr., Estevam R. and Mitchell, Tom M.},
 title = {Coupled Semi-supervised Learning for Information Extraction},
 booktitle = {Proceedings of the Third ACM International Conference on Web Search and Data Mining},
 series = {WSDM '10},
 year = {2010},
 isbn = {978-1-60558-889-6},
 location = {New York, New York, USA},
 pages = {101--110}
} 

@inproceedings{Collins95,
  author    = {Michael Collins and
               James Brooks},
  title     = {Prepositional Phrase Attachment through a Backed-Off Model},
  booktitle={Proceedings of the Conference on Empirical Methods in Natural Language Processing},
  pages={27--38},
  year = {1995}
}

@inproceedings{choi2015scalable,
  title={Scalable semantic parsing with partial ontologies},
  author={Choi, Eunsol and Kwiatkowski, Tom and Zettlemoyer, Luke S},
  booktitle={Association for Computational Linguistics (ACL)},
  year={2015}
}

@inproceedings{DelCorro2013,
 author = {Del Corro, Luciano and Gemulla, Rainer},
 title = {ClausIE: Clause-based Open Information Extraction},
 booktitle = {Proceedings of the 22Nd International Conference on World Wide Web},
 series = {WWW '13},
 year = {2013},
 pages = {355--366}
} 

@InProceedings{Marneffe06generatingtyped,
    author = {Marie-Catherine de Marneffe and Bill MacCartney and Christopher D. Manning},
    title = {Generating typed dependency parses from phrase structure parses},
    booktitle = {Proceedings of the International Conference on Language Recources and Evaluation (LREC},
    year = {2006},
    pages = {449--454}
}
@ARTICLE{Dempster77maximumlikelihood,
    author = {A. P. Dempster and N. M. Laird and D. B. Rubin},
    title = {Maximum likelihood from incomplete data via the EM algorithm},
    journal = {Journal of the Royal Statistical Society, Series B},
    year = {1977},
    volume = {39},
    number = {1},
    pages = {1--38}
}

@book{fellbaum98wordnet,
  editor = {Fellbaum, Christiane},
  publisher = {MIT Press},
  title = {{WordNet: an electronic lexical database}},
  year = 1998
}

@inproceedings{Fader2011,
 author = {Fader, Anthony and Soderland, Stephen and Etzioni, Oren},
 title = {Identifying Relations for Open Information Extraction},
 booktitle = {Proceedings of the Conference on Empirical Methods in Natural Language Processing},
 series = {EMNLP '11},
 year = {2011},
 location = {Edinburgh, United Kingdom},
 pages = {1535--1545},
} 

@phdthesis{Frazier78,
    title    = {On comprehending
    sentences: Syntactic parsing strategies},
    school   = {University of
    Connecticut},
    author   = {Lyn Frazier},
    year     = {1978}
}

	
	@inproceedings{jiang2006semantic,
	  title={Semantic role labeling of NomBank: A maximum entropy approach},
	  author={Jiang, Zheng Ping and Ng, Hwee Tou},
	  booktitle={Proceedings of the 2006 Conference on Empirical Methods in Natural Language Processing},
	  pages={138--145},
	  year={2006},
	  organization={Association for Computational Linguistics}
	}
	
	@InProceedings{conf/acl/GerberC10,
	  title =	"Beyond NomBank: {A} Study of Implicit Arguments for
			 Nominal Predicates",
	  author =	"Matthew Gerber and Joyce Yue Chai",
	  booktitle =	"{ACL} 2010, Proceedings of the 48th Annual Meeting of
			 the Association for Computational Linguistics, July
			 11-16, 2010, Uppsala, Sweden",
	  year = 	"2010",
	  pages =	"1583--1592"
	}
	
@article{graves2013generating,
  title={Generating sequences with recurrent neural networks},
  author={Graves, Alex},
  journal={arXiv preprint arXiv:1308.0850},
  year={2013}
}

@inproceedings{HarabagiuP99,
  author    = {Sanda M. Harabagiu and
               Marius Pasca},
  title     = {Integrating Symbolic and Statistical Methods for Prepositional Phrase
               Attachment},
  booktitle = {Proceedings of the Twelfth International Florida Artificial Intelligence
               Research Society Conference{FLAIRS}},
  pages     = {303--307},
  year      = {1999}
}

@InProceedings{conf/emnlp/HegdeT15,
  title =	"An Entity-centric Approach for Overcoming Knowledge
		 Graph Sparsity",
  author =	"Manjunath Hegde and Partha P. Talukdar",
  booktitle =	"Proceedings of the 2015 Conference on Empirical
		 Methods in Natural Language Processing, {EMNLP} 2015,
		 Lisbon, Portugal, September 17-21, 2015",
  year = 	"2015",
  pages =	"530--535"
}

@article{HindleR93,
  author    = {Donald Hindle and
               Mats Rooth},
  title     = {Structural Ambiguity and Lexical Relations},
  journal   = {Computational Linguistics},
  volume    = {19},
  number    = {1},
  pages     = {103--120},
  year      = {1993}
}

@article{hochreiter1997long,
  title={Long short-term memory},
  author={Hochreiter, Sepp and Schmidhuber, J{\"u}rgen},
  journal={Neural computation},
  volume={9},
  number={8},
  pages={1735--1780},
  year={1997}
}

	
	@inproceedings{HerwijnenBTM03,
	  author    = {Olga van Herwijnen and
	               Antal van den Bosch and
	               Jacques M. B. Terken and
	               Erwin Marsi},
	  title     = {Learning {PP} attachment for filtering prosodic phrasing},
	  booktitle = {10th Conference of the European Chapter of the Association
	               for Computational Linguistics,{EACL}},
	  pages     = {139--146},
	  year      = {2003}
	}


@inproceedings{Hovy2011,
 author = {Hovy, Dirk and Vaswani, Ashish and Tratz, Stephen and Chiang, David and Hovy, Eduard},
 title = {Models and Training for Unsupervised Preposition Sense Disambiguation},
 booktitle = {Proceedings of the 49th Annual Meeting of the Association for Computational Linguistics: Human Language Technologies: Short Papers - Volume 2},
 year = {2011},
 location = {Portland, Oregon},
 pages = {323--328}}
} 

@inproceedings{lao2011random,
  title={Random walk inference and learning in a large scale knowledge base},
  author={Lao, Ni and Mitchell, Tom and Cohen, William W},
  booktitle={Proceedings of the Conference on Empirical Methods in Natural Language Processing},
  pages={529--539},
  year={2011},
  organization={Association for Computational Linguistics}
}

@inproceedings{fader2011identifying,
  title={Identifying relations for open information extraction},
  author={Fader, Anthony and Soderland, Stephen and Etzioni, Oren},
  booktitle={Proceedings of the Conference on Empirical Methods in Natural Language Processing},
  pages={1535--1545},
  year={2011},
  organization={Association for Computational Linguistics}
}

@inproceedings{banko2007open,
  title={Open information extraction for the web},
  author={Banko, Michele and Cafarella, Michael J and Soderland, Stephen and Broadhead, Matthew and Etzioni, Oren},
  booktitle={IJCAI},
  volume={7},
  pages={2670--2676},
  year={2007}
}


@inproceedings{wijayactp,
  title={CTPs: Contextual Temporal Profiles for Time Scoping Facts via Entity State Change Detection},
  author={Wijaya, Derry and Nakashole, Ndapandula and Mitchell, Tom},
  booktitle={Proceedings of the Conference on Empirical Methods in Natural Language Processing},
  year={2014},
  organization={Association for Computational Linguistics}
}



@Article{Kimball73,
  author =	{John Kimball},
  title =	{Seven principles of
  surface structure parsing in natural
  language},
  journal =	{Cognition},
  year = 	{1988},
  volume =	{2},
  pages =	{15--47 }
}

@article{KipperKRP08,
  author    = {Karin Kipper and
               Anna Korhonen and
               Neville Ryant and
               Martha Palmer},
  title     = {A large-scale classification of English verbs},
  journal   = {Language Resources and Evaluation},
  volume    = {42},
  number    = {1},
  pages     = {21--40},
  year      = {2008}
}


@inproceedings{KleinM03,
  author    = {Dan Klein and
               Christopher D. Manning},
  title     = {Accurate Unlexicalized Parsing},
  booktitle = {Proceedings of the 41st Annual Meeting of the Association for Computational
               Linguistics,{ACL}},
  pages     = {423--430},
  year      = {2003}
}

@InProceedings{conf/acl/KrishnamurthyM14,
  title =	"Joint Syntactic and Semantic Parsing with Combinatory
		 Categorial Grammar",
  author =	"Jayant Krishnamurthy and Tom M. Mitchell",
  year = 	"2014",
  booktitle =	"ACL"
}

@InProceedings{conf/acl/LiuN07,
	  title =	"Learning Predictive Structures for Semantic Role
			 Labeling of NomBank",
	  author =	"Chang Liu and Hwee Tou Ng",
	  booktitle =	"{ACL} 2007, Proceedings of the 45th Annual Meeting of
			 the Association for Computational Linguistics, June
			 23-30, 2007, Prague, Czech Republic",
	  year = 	"2007"
}
	

@InProceedings{conf/lrec/MeyersRMSZYG04,
	  title =	"Annotating Noun Argument Structure for NomBank",
	  author =	"Adam Meyers and Ruth Reeves and Catherine Macleod and
			 Rachel Szekely and Veronika Zielinska and Brian Young
			 and Ralph Grishman",
	  publisher =	"European Language Resources Association",
	  booktitle =	"LREC",
	  year = 	"2004"
}
	

	
@inproceedings{MitchellL08,
  author    = {Jeff Mitchell and
               Mirella Lapata},
  title     = {Vector-based Models of Semantic Composition},
  booktitle = { Proceedings of the 46th Annual Meeting of the Association
               for Computational Linguistics, {ACL}},
  pages     = {236--244},
  year      = {2008}
}


 @inproceedings{MitchellCHTBCMG15,
   author    = {Tom M. Mitchell},
   title     = {Never-Ending Learning},
   booktitle = {Proceedings of the Twenty-Ninth {AAAI} Conference on Artificial Intelligence,
                January 25-30, 2015, Austin, Texas, {USA.}},
   pages     = {2302--2310},
   year      = {2015}
 }

@inproceedings{MikolovKBCK10,
  title =	"Recurrent neural network based language model",
  author =	"Tomas Mikolov and Martin Karafi{\'a}t and Luk{\'a}s  Burget and Jan Cernock{\'y} and Sanjeev Khudanpur",
  booktitle =	" 11th Annual Conference of the
		 International Speech Communication Association, (INTERSPEECH)",
  year = 	"2010"
}

@inproceedings{mintz2009distant,
  title={Distant supervision for relation extraction without labeled data},
  author={Mintz, Mike and Bills, Steven and Snow, Rion and Jurafsky, Dan},
  booktitle={Proceedings of the Joint Conference of the 47th Annual Meeting of the ACL and the 4th International Joint Conference on Natural Language Processing of the AFNLP: Volume 2-Volume 2},
  pages={1003--1011},
  year={2009},
  organization={Association for Computational Linguistics}
}


@article{NigamMTM00,
  author    = {Kamal Nigam and
               Andrew McCallum and
               Sebastian Thrun and
               Tom M. Mitchell},
  title     = {Text Classification from Labeled and Unlabeled Documents using {EM}},
  journal   = {Machine Learning},
  volume    = {39},
  number    = {2/3},
  pages     = {103--134},
  year      = {2000},
}


@inproceedings{nakashole2012real,
  title={Real-time population of knowledge bases: opportunities and challenges},
  author={Nakashole, Ndapandula and Weikum, Gerhard},
  booktitle={Proceedings of the Joint Workshop on Automatic Knowledge Base Construction and Web-scale Knowledge Extraction},
  pages={41--45},
  year={2012},
  organization={Association for Computational Linguistics}
}

@inproceedings{Nakashole2011,
 author = {Nakashole, Ndapandula and Theobald, Martin and Weikum, Gerhard},
 title = {Scalable Knowledge Harvesting with High Precision and High Recall},
 booktitle = {Proceedings of the Fourth ACM International Conference on Web Search and Data Mining},
 series = {WSDM '11},
 year = {2011},
 pages = {227--236},
}
	@inproceedings{NakasholeTW13,
	  author    = {Ndapandula Nakashole and
	               Tomasz Tylenda and
	               Gerhard Weikum},
	  title     = {Fine-grained Semantic Typing of Emerging Entities},
	  booktitle = {Proceedings of the 51st Annual Meeting of the Association for Computational
	               Linguistics, {ACL}},
	  year      = {2013},
	  pages     = {1488--1497}
	}
	
	@inproceedings{DBLP:conf/acl/NakasholeM14,
	  author    = {Ndapandula Nakashole and
	               Tom M. Mitchell},
	  title     = {Language-Aware Truth Assessment of Fact Candidates},
	  booktitle = {Proceedings of the 52nd Annual Meeting of the Association for Computational
	               Linguistics, {ACL} 2014, June 22-27, 2014, Baltimore, MD, USA, Volume
	               1: Long Papers},
	  pages     = {1009--1019},
	  year      = {2014}
	}
	
	@inproceedings{PantelL00,
	  author    = {Patrick Pantel and
	               Dekang Lin},
	  title     = {An Unsupervised Approach to Prepositional Phrase Attachment using
	               Contextually Similar Words},
	  booktitle = {38th Annual Meeting of the Association for Computational Linguistics, {ACL}},
	  year      = {2000}
	}
	
	@inproceedings{Ratnaparkhi1994,
	 author = {Ratnaparkhi, Adwait and Reynar, Jeff and Roukos, Salim},
	 title = {A Maximum Entropy Model for Prepositional Phrase Attachment},
	 booktitle = {Proceedings of the Workshop on Human Language Technology},
	 series = {HLT '94},
	 year = {1994},
	 pages = {250--255}
	}
	
	@inproceedings{Ratnaparkhi98,
	  author    = {Adwait Ratnaparkhi},
	  title     = {Statistical Models for Unsupervised Prepositional Phrase Attachement},
	  booktitle = {36th Annual Meeting of the Association for Computational Linguistics
	               and 17th International Conference on Computational Linguistics, {COLING-ACL}},
	  pages     = {1079--1085},
	  year      = {1998}
	}
	
	@InProceedings{conf/acl/SawaiSM15,
	  title =	"Semantic Structure Analysis of Noun Phrases using
			 Abstract Meaning Representation",
	  author =	"Yuichiro Sawai and Hiroyuki Shindo and Yuji
			 Matsumoto",
	  year = 	"2015",
	  booktitle =	"ACL (2)",
	  pages =	"851--856"
	}
	
	@InProceedings{conf/tac/Surdeanu13,
	  title =	"Overview of the {TAC2013} Knowledge Base Population
			 Evaluation: English Slot Filling and Temporal Slot
			 Filling",
	  author =	"Mihai Surdeanu",
	  publisher =	"NIST",
	  year = 	"2013",
	  booktitle =	"TAC",
	}
	
	@inproceedings{sukhbaatar2015end,
	  title={End-to-end memory networks},
	  author={Sukhbaatar, Sainbayar and Weston, Jason and Fergus, Rob and others},
	  booktitle={Advances in Neural Information Processing Systems},
	  pages={2431--2439},
	  year={2015}
	}
	
	@inproceedings{suchanek2007yago,
	  title={Yago: a core of semantic knowledge},
	  author={Suchanek, Fabian M and Kasneci, Gjergji and Weikum, Gerhard},
	  booktitle={Proceedings of the 16th international conference on World Wide Web},
	  pages={697--706},
	  year={2007},
	  organization={ACM}
	}
	
	@InProceedings{SundermeyerSN12,
	  title =	"{LSTM} Neural Networks for Language Modeling",
	  author =	"Martin Sundermeyer and Ralf Schl{\"u}ter and Hermann
			 Ney",
	  year = 	"2012",
	  booktitle =	"INTERSPEECH",
	  pages =	"194--197"
	}
	
	
	@article{SrikumarR13,
	  author    = {Vivek Srikumar and
	               Dan Roth},
	  title     = {Modeling Semantic Relations Expressed by Prepositions},
	  journal   = {{TACL}},
	  volume    = {1},
	  pages     = {231--242},
	  year      = {2013}
	}
	
	
	@inproceedings{Stetina97,
	  author    = {Jiri Stetina and Makoto Nagao},
	  title     = {Prepositional Phrase Attachment through a Backed-Off Model},
	  booktitle={Proceedings of the Conference on Empirical Methods in Natural Language Processing},
	  pages={66--80},
	  year = {1997}
	}
	
	@inproceedings{ToutanovaMN04,
	  author    = {Kristina Toutanova and
	               Christopher D. Manning and
	               Andrew Y. Ng},
	  title     = {Learning random walk models for inducing word dependency distributions},
	  booktitle = {Machine Learning, Proceedings of the Twenty-first International Conference,
	               {ICML}},
	  year      = {2004},
	}
	
	@InProceedings{conf/acl/VadasC08,
	  title =	"Parsing Noun Phrase Structure with {CCG}",
	  author =	"David Vadas and James R. Curran",
	  booktitle =	"{ACL} 2008, Proceedings of the 46th Annual Meeting of
			 the Association for Computational Linguistics, June
			 15-20, 2008, Columbus, Ohio, {USA}",
	  year = 	"2008",
	  pages =	"335--343"
	}
	
	@InProceedings{conf/acl/VadasC07,
	  title =	"Adding Noun Phrase Structure to the Penn Treebank",
	  author =	"David Vadas and James R. Curran",
	  booktitle =	"{ACL} 2007, Proceedings of the 45th Annual Meeting of
			 the Association for Computational Linguistics, June
			 23-30, 2007, Prague, Czech Republic",
	  year = 	"2007"
	}
	
	
	@InProceedings{conf/emnlp/WehbeVKM14,
	  title =	"Aligning context-based statistical models of language
			 with brain activity during reading",
	  author =	"Leila Wehbe and Ashish Vaswani and Kevin Knight and
			 Tom M. Mitchell",
	  booktitle =	"EMNLP",
	  publisher =	"ACL",
	  year = 	"2014",
	  pages =	"233--243"
	}
@inproceedings{WhittemoreFB90,
	  author    = {Greg Whittemore and
	               Kathleen Ferrara and
	               Hans Brunner},
	  title     = {Empirical Study of Predictive Powers od Simple Attachment Schemes
	               for Post-Modifier Prepositional Phrases},
	  booktitle = {28th Annual Meeting of the Association for Computational Linguistics,{ACL}},
	  pages     = {23--30},
	  year      = {1990}
	}
	
	@inproceedings{ZhaoL04,
	  author    = {Shaojun Zhao and
	               Dekang Lin},
	  title     = {A Nearest-Neighbor Method for Resolving PP-Attachment Ambiguity},
	  booktitle = {Natural Language Processing - First International Joint
	               Conference, {IJCNLP}},
	  pages     = {545--554},
	  year      = {2004}
	}
	

	
	@InProceedings{conf/emnlp/YahyaWGH14,
	  title =	"ReNoun: Fact Extraction for Nominal Attributes",
	  author =	"Mohamed Yahya and Steven Whang and Rahul Gupta and
			 Alon Y. Halevy",
	  booktitle =	"Proceedings of the 2014 Conference on Empirical
			 Methods in Natural Language Processing, {EMNLP} 2014,
			 October 25-29, 2014, Doha, Qatar, {A} meeting of
			 {SIGDAT}, a Special Interest Group of the {ACL}",
	  publisher =	"ACL",
	  year = 	"2014",
	  pages =	"325--335"
	}
	
	@inproceedings{WestonCB14,
	  author    = {Jason Weston and
	               Sumit Chopra and
	               Antoine Bordes},
	  title     = {Memory Networks},
	  booktitle =  {In International Conference on Learning Representations, {ICLR}},
	  year      = {2015}
	}
	
